@misc{ GoogleRoomDB,
	author		={Google},
	title			={Save data in a local database using Room},
	url  			={https://developer.android.com/training/data-storage/room},
	note			={Accessed on 2021-9-22},
}